
@article {Alber1992,
    AUTHOR = {Alber, H.-D.},
     TITLE = {Existence of three-dimensional, steady, inviscid,
              incompressible flows with nonvanishing vorticity},
   JOURNAL = {Math. Ann.},
  FJOURNAL = {Mathematische Annalen},
    VOLUME = {292},
      YEAR = {1992},
    NUMBER = {3},
     PAGES = {493--528},
      ISSN = {0025-5831,1432-1807},
   MRCLASS = {76C05 (35Q30)},
  MRNUMBER = {1152947},
MRREVIEWER = {Denis\ Serre},
       DOI = {10.1007/BF01444632},
       URL = {https://doi.org/10.1007/BF01444632},
}

@article {Lortz1970,
    AUTHOR = {Lortz, Dietrich},
     TITLE = {Ueber die Existenz toroidaler magnetohydrostatischer Gleichgewichte ohne Rotationstransformation},
   JOURNAL = {Z. Angew. Math. Phys.},
  FJOURNAL = {Zeitschrift für Angewandte Mathematik und Physik. ZAMP. Journal of Applied Mathematics and Physics. Journal de Mathématiques et de Physique Appliquées},
    VOLUME = {21},
      YEAR = {1970},
     PAGES = {196--211},
      ISSN = {0044-2275,1420-9039},
   MRCLASS = {76.35},
  MRNUMBER = {261852},
       DOI = {10.1007/BF01590644},
       URL = {https://doi.org/10.1007/BF01590644},
}

@misc{Koppenhoefer2024,
  author       = {{Theo Koppenhöfer}},
  note         = {{Student Paper}},
  series       = {{Master's Theses in Mathematical Sciences}},
  publisher={Lunds Universitet},
  title        = {{Stagnation points of harmonic vector fields and the domain topology: Some applications of Morse theory (to appear)}},
  month         = {April},
  year         = {{2024}},
}

@misc{Repository,
  author = {{master-thesis}},
  title = "Github repository to the thesis.",
  year = "2023",
  url = "https://github.com/TheoKoppenhoefer/master-thesis",
  note = "Online",
}

@misc{Wahlen2023,
  author = {{Wahlén, Erik}},
  title = "In private communication.",
  year = "2023",
}
