





@article {Alessandrini1992,
    AUTHOR = {Alessandrini, G. and Magnanini, R.},
     TITLE = {The index of isolated critical points and solutions of
              elliptic equations in the plane},
   JOURNAL = {Ann. Scuola Norm. Sup. Pisa Cl. Sci. (4)},
  FJOURNAL = {Annali della Scuola Normale Superiore di Pisa. Classe di
              Scienze. Serie IV},
    VOLUME = {19},
      YEAR = {1992},
    NUMBER = {4},
     PAGES = {567--589},
      ISSN = {0391-173X,2036-2145},
   MRCLASS = {35J25 (35B05 35B30 58E05)},
  MRNUMBER = {1205884},
MRREVIEWER = {Xin\ Kang\ Guo},
       URL = {http://www.numdam.org/item?id=ASNSP_1992_4_19_4_567_0},
}

@incollection {Agrach1991,
    AUTHOR = {Agrach\"{e}v, A. A. and Vakhrameev, S. A.},
     TITLE = {Morse theory and optimal control problems},
 BOOKTITLE = {Nonlinear synthesis ({S}opron, 1989)},
    SERIES = {Progr. Systems Control Theory},
    VOLUME = {9},
     PAGES = {1--11},
 PUBLISHER = {Birkh\"{a}user Boston, Boston, MA},
      YEAR = {1991},
      ISBN = {0-8176-3484-3},
   MRCLASS = {58E25 (49K15 58E05 90C31 93B29)},
  MRNUMBER = {1132730},
MRREVIEWER = {Hubertus\ Th.\ Jongen},
}


@book {Banyaga2004,
    AUTHOR = {Banyaga, Augustin and Hurtubise, David},
     TITLE = {Lectures on {M}orse homology},
    SERIES = {Kluwer Texts in the Mathematical Sciences},
    VOLUME = {29},
 PUBLISHER = {Kluwer Academic Publishers Group, Dordrecht},
      YEAR = {2004},
     PAGES = {x+324},
      ISBN = {1-4020-2695-1},
   MRCLASS = {58E05 (53D40 57R99)},
  MRNUMBER = {2145196},
MRREVIEWER = {Michael\ J.\ Usher},
       DOI = {10.1007/978-1-4020-2696-6},
       URL = {https://doi.org/10.1007/978-1-4020-2696-6},
}

@book {Evans2010,
    AUTHOR = {Evans, Lawrence C.},
     TITLE = {Partial differential equations},
    SERIES = {Graduate Studies in Mathematics},
    VOLUME = {19},
   EDITION = {Second},
 PUBLISHER = {American Mathematical Society, Providence, RI},
      YEAR = {2010},
     PAGES = {xxii+749},
      ISBN = {978-0-8218-4974-3},
   MRCLASS = {35-01},
  MRNUMBER = {2597943},
MRREVIEWER = {Diego\ M.\ Maldonado},
       DOI = {10.1090/gsm/019},
       URL = {https://doi.org/10.1090/gsm/019},
}

@book {Gamelin2001,
    AUTHOR = {Gamelin, Theodore W.},
     TITLE = {Complex analysis},
    SERIES = {Undergraduate Texts in Mathematics},
 PUBLISHER = {Springer-Verlag, New York},
      YEAR = {2001},
     PAGES = {xviii+478},
      ISBN = {0-387-95093-1; 0-387-95069-9},
   MRCLASS = {30-01},
  MRNUMBER = {1830078},
MRREVIEWER = {V.\ Totik},
       DOI = {10.1007/978-0-387-21607-2},
       URL = {https://doi.org/10.1007/978-0-387-21607-2},
}


@book {Hatcher2002,
    AUTHOR = {Hatcher, Allen},
     TITLE = {Algebraic topology},
 PUBLISHER = {Cambridge University Press, Cambridge},
      YEAR = {2002},
     PAGES = {xii+544},
      ISBN = {0-521-79160-X; 0-521-79540-0},
   MRCLASS = {55-01 (55-00)},
  MRNUMBER = {1867354},
MRREVIEWER = {Donald\ W.\ Kahn},
}



@article {Handron2002,
    AUTHOR = {Handron, David G. C.},
     TITLE = {Generalized billiard paths and {M}orse theory for manifolds
              with corners},
   JOURNAL = {Topology Appl.},
  FJOURNAL = {Topology and its Applications},
    VOLUME = {126},
      YEAR = {2002},
    NUMBER = {1-2},
     PAGES = {83--118},
      ISSN = {0166-8641,1879-3207},
   MRCLASS = {57R70 (57R25)},
  MRNUMBER = {1934254},
MRREVIEWER = {Michael\ S.\ Farber},
       DOI = {10.1016/S0166-8641(02)00036-6},
       URL = {https://doi.org/10.1016/S0166-8641(02)00036-6},
}

@book {Hirsch1994,
    AUTHOR = {Hirsch, Morris W.},
     TITLE = {Differential topology},
    SERIES = {Graduate Texts in Mathematics},
    VOLUME = {33},
      NOTE = {Corrected reprint of the 1976 original},
 PUBLISHER = {Springer-Verlag, New York},
      YEAR = {1994},
     PAGES = {x+222},
      ISBN = {0-387-90148-5},
   MRCLASS = {57-01 (58-01)},
  MRNUMBER = {1336822},
}



@book {Irwin1980,
    AUTHOR = {Irwin, M. C.},
     TITLE = {Smooth dynamical systems},
    SERIES = {Advanced Series in Nonlinear Dynamics},
    VOLUME = {17},
      NOTE = {Reprint of the 1980 original,
              With a foreword by R. S. MacKay},
 PUBLISHER = {World Scientific Publishing Co., Inc., River Edge, NJ},
      YEAR = {2001},
     PAGES = {xii+259},
      ISBN = {981-02-4599-8},
   MRCLASS = {37Cxx},
  MRNUMBER = {1867353},
       DOI = {10.1142/9789812810120},
       URL = {https://doi.org/10.1142/9789812810120},
}

@article {Katz2017,
    AUTHOR = {Katz, Gabriel},
     TITLE = {Flows in {F}latland: a romance of few dimensions},
   JOURNAL = {Arnold Math. J.},
  FJOURNAL = {Arnold Mathematical Journal},
    VOLUME = {3},
      YEAR = {2017},
    NUMBER = {2},
     PAGES = {281--317},
      ISSN = {2199-6792,2199-6806},
   MRCLASS = {37E35 (37B35 37C10 37E30 53C44 58A35)},
  MRNUMBER = {3664269},
MRREVIEWER = {Renato\ G.\ Bettiol},
       DOI = {10.1007/s40598-016-0059-1},
       URL = {https://doi.org/10.1007/s40598-016-0059-1},
}


@article {Katz2014,
    AUTHOR = {Katz, Gabriel},
     TITLE = {Traversally generic \& versal vector flows: semi-algebraic
              models of tangency to the boundary},
   JOURNAL = {Asian J. Math.},
  FJOURNAL = {Asian Journal of Mathematics},
    VOLUME = {21},
      YEAR = {2017},
    NUMBER = {1},
     PAGES = {127--168},
      ISSN = {1093-6106,1945-0036},
   MRCLASS = {57R25 (37C10 57R45)},
  MRNUMBER = {3632437},
MRREVIEWER = {Dirk\ Sch\"{u}tz},
       DOI = {10.4310/AJM.2017.v21.n1.a3},
       URL = {https://doi.org/10.4310/AJM.2017.v21.n1.a3},
}

@article {Morse1925,
    AUTHOR = {Morse, Marston},
     TITLE = {Relations between the critical points of a real function of {$n$} independent variables},
   JOURNAL = {Trans. Amer. Math. Soc.},
  FJOURNAL = {Transactions of the American Mathematical Society},
    VOLUME = {27},
      YEAR = {1925},
    NUMBER = {3},
     PAGES = {345--396},
      ISSN = {0002-9947,1088-6850},
   MRCLASS = {49K10 (26B10)},
  MRNUMBER = {1501318},
       DOI = {10.2307/1989110},
       URL = {https://doi.org/10.2307/1989110},
}

@book {Morse1969,
    AUTHOR = {Morse, Marston and Cairns, Stewart S.},
     TITLE = {Critical point theory in global analysis and differential     topology: {A}n introduction},
    SERIES = {Pure and Applied Mathematics},
    VOLUME = {Vol. 33},
 PUBLISHER = {Academic Press, New York-London},
      YEAR = {1969},
     PAGES = {xii+389},
   MRCLASS = {57.50},
  MRNUMBER = {245046},
MRREVIEWER = {J.\ N.\ Mather},
}

@article {Morse1970,
    AUTHOR = {Morse, Marston},
     TITLE = {Equilibrium points of harmonic potentials},
   JOURNAL = {J. Analyse Math.},
  FJOURNAL = {Journal d'Analyse Math\'{e}matique},
    VOLUME = {23},
      YEAR = {1970},
     PAGES = {281--296},
      ISSN = {0021-7670,1565-8538},
   MRCLASS = {31.11},
  MRNUMBER = {277737},
MRREVIEWER = {M.\ Brelot},
       DOI = {10.1007/BF02795505},
       URL = {https://doi.org/10.1007/BF02795505},
}


@book {Nehari1975,
    AUTHOR = {Nehari, Zeev},
     TITLE = {Conformal mapping},
      NOTE = {Reprinting of the 1952 edition},
 PUBLISHER = {Dover Publications, Inc., New York},
      YEAR = {1975},
     PAGES = {vii+396},
   MRCLASS = {30A30},
  MRNUMBER = {377031},
}


@article {Shelton1980,
    AUTHOR = {Shelton, Robert},
     TITLE = {Critical points of harmonic functions on domains in {${\bf R}\sp{3}$}},
   JOURNAL = {Trans. Amer. Math. Soc.},
  FJOURNAL = {Transactions of the American Mathematical Society},
    VOLUME = {261},
      YEAR = {1980},
    NUMBER = {1},
     PAGES = {137--158},
      ISSN = {0002-9947,1088-6850},
   MRCLASS = {58E05 (49F05)},
  MRNUMBER = {576868},
MRREVIEWER = {George\ M.\ Rassias},
       DOI = {10.2307/1998322},
       URL = {https://doi.org/10.2307/1998322},
}
@book {Walsh1950,
    AUTHOR = {Walsh, J. L.},
     TITLE = {The {L}ocation of {C}ritical {P}oints of {A}nalytic and
              {H}armonic {F}unctions},
    SERIES = {American Mathematical Society Colloquium Publications},
    VOLUME = {Vol. 34},
 PUBLISHER = {American Mathematical Society, New York},
      YEAR = {1950},
     PAGES = {viii+384},
   MRCLASS = {30.0X},
  MRNUMBER = {37350},
MRREVIEWER = {J.\ Dieudonn\'{e}},
}

@misc{Wahlen2023,
  author = {{Wahl√©n, Erik}},
  title = "In private communication.",
  year = "2023",
}




@misc{Repository,
  author = {{master-thesis}},
  title = "Github repository to the thesis.",
  year = "2023",
  url = "https://github.com/TheoKoppenhoefer/master-thesis",
  note = "Online",
}
