@misc {Douglas2016,
  author       = {Svensson Seth, Douglas},
  keywords     = {{The steady Euler equations; the water wave problem; fluid dynamics; partial differential equations}},
  language     = {{eng}},
  publisher    = {{Lund University, Faculty of Science, Centre for Mathematical Sciences, Mathematics}},
  school       = {{Lund University}},
  title        = {On Steady Ideal Flows with Nonvanishing Vorticity in Cylindrical Domains},
  year         = {2016},
}

@article {MR3401611,
    AUTHOR = {Canevari, Giacomo and Segatti, Antonio and Veneroni, Marco},
     TITLE = {Morse's index formula in {VMO} for compact manifolds with
              boundary},
   JOURNAL = {J. Funct. Anal.},
  FJOURNAL = {Journal of Functional Analysis},
    VOLUME = {269},
      YEAR = {2015},
    NUMBER = {10},
     PAGES = {3043--3082},
      ISSN = {0022-1236,1096-0783},
   MRCLASS = {58Z05 (55M25 57R25 76A15 76A20)},
  MRNUMBER = {3401611},
MRREVIEWER = {Dorin\ Andrica},
       DOI = {10.1016/j.jfa.2015.09.005},
       URL = {https://doi.org/10.1016/j.jfa.2015.09.005},
}

@article {Katz2017,
    AUTHOR = {Katz, Gabriel},
     TITLE = {Flows in {F}latland: a romance of few dimensions},
   JOURNAL = {Arnold Math. J.},
  FJOURNAL = {Arnold Mathematical Journal},
    VOLUME = {3},
      YEAR = {2017},
    NUMBER = {2},
     PAGES = {281--317},
      ISSN = {2199-6792,2199-6806},
   MRCLASS = {37E35 (37B35 37C10 37E30 53C44 58A35)},
  MRNUMBER = {3664269},
MRREVIEWER = {Renato\ G.\ Bettiol},
       DOI = {10.1007/s40598-016-0059-1},
       URL = {https://doi.org/10.1007/s40598-016-0059-1},
}

@article {Katz2014,
    AUTHOR = {Katz, Gabriel},
     TITLE = {Traversally generic \& versal vector flows: semi-algebraic
              models of tangency to the boundary},
   JOURNAL = {Asian J. Math.},
  FJOURNAL = {Asian Journal of Mathematics},
    VOLUME = {21},
      YEAR = {2017},
    NUMBER = {1},
     PAGES = {127--168},
      ISSN = {1093-6106,1945-0036},
   MRCLASS = {57R25 (37C10 57R45)},
  MRNUMBER = {3632437},
MRREVIEWER = {Dirk\ Sch\"{u}tz},
       DOI = {10.4310/AJM.2017.v21.n1.a3},
       URL = {https://doi.org/10.4310/AJM.2017.v21.n1.a3},
}

@book {Irwin1980,
    AUTHOR = {Irwin, M. C.},
     TITLE = {Smooth dynamical systems},
    SERIES = {Advanced Series in Nonlinear Dynamics},
    VOLUME = {17},
      NOTE = {Reprint of the 1980 original,
              With a foreword by R. S. MacKay},
 PUBLISHER = {World Scientific Publishing Co., Inc., River Edge, NJ},
      YEAR = {2001},
     PAGES = {xii+259},
      ISBN = {981-02-4599-8},
   MRCLASS = {37Cxx},
  MRNUMBER = {1867353},
       DOI = {10.1142/9789812810120},
       URL = {https://doi.org/10.1142/9789812810120},
}


@misc{Viro2006,
      title={Patchworking real algebraic varieties}, 
      author={Oleg Viro},
      year={2006},
      eprint={math/0611382},
      archivePrefix={arXiv},
      primaryClass={math.AG}
}




@article {Deng2022,
    AUTHOR = {Deng, Haiyun and Liu, Hairong and Yang, Xiaoping},
     TITLE = {Critical points of solutions to a kind of linear elliptic
              equations in multiply connected domains},
   JOURNAL = {Israel J. Math.},
  FJOURNAL = {Israel Journal of Mathematics},
    VOLUME = {249},
      YEAR = {2022},
    NUMBER = {2},
     PAGES = {935--971},
      ISSN = {0021-2172,1565-8511},
   MRCLASS = {35B38},
  MRNUMBER = {4462650},
       DOI = {10.1007/s11856-022-2330-6},
       URL = {https://doi.org/10.1007/s11856-022-2330-6},
}



@misc{Morgan2020,
  author={John Morgan},
  title = {Morse Theory Lectures},
  URL = {https://www.math.columbia.edu/~jmorgan/syllabus.pdf},
  year = {2020},
  note = {Columbia University},
}
